@Misc{            cloudfoundry-project,
  author        = {{CloudFoundry}},
  key           = {CloudFoundry},
  note          = {\url{http://www.cloudfoundry.com}}
}

@Misc{            appengine-project,
  author        = {{AppEngine}},
  key           = {AppEngine},
  note          = {\url{http://appengine.google.com/}}
}

@Misc{            right-scale,
  author        = {{RightScale}},
  key           = {right-scale},
  note          = {\url{http://www.rightscale.com//}}
}

@Misc{            beanstalk-project,
  author        = {{ElasticBeanstalk}},
  key           = {ElasticBeanstalk},
  note          = {\url{http://aws.amazon.com/elasticbeanstalk/}}
}

@Misc{            azure-project,
  author        = {{WindowsAzure}},
  key           = {WindowsAzure},
  note          = {\url{http://www.windowsazure.com/}}
}

@Misc{            openshift,
  author        = {{OpenShift}},
  key           = {openshift},
  note          = {\url{https://openshift.redhat.com/app/flex}}
}

@Misc{            amazonEC2,
  author        = {{Amazon Elastic Compute Cloud (EC2)}},
  key           = {amazonEC2},
  note          = {\url{http://aws.amazon.com/ec2}}
}

@Misc{            mediawiki,
  author        = {{Wikipedia Foundation}},
  key           = {mediawiki},
  note          = {MediaWiki a free software wiki package. \url{http://www.mediawiki.org}}
}

@Misc{            azure,
  author        = {{Microsoft Windows- Windows Azure}},
  key           = {azure},
  note          = {\url{http://www.windowsazure.com/en-us}}
}

@Misc{    ganglia,
author	={{Ganglia monitoring system}},
key 		={ganglia},
note		={\url{http://ganglia.sourceforge.net/}}
}


@Misc{   das4,
  author  = {{Advanced School for Computing and Imaging (ASCI)}},
  key   = {das4},
  note = {The Distributed ASCI SuperComputer~4. \url{http://www.cs.vu.nl/das4/}}
}

@article{appscale-2010, 
  title={AppScale: Scalable and Open AppEngine Application Development and Deployment}, 
  volume={34}, 
  number={1}, 
  journal={Cloud Computing}, 
  publisher={Springer}, 
  author={Chohan, Navraj and Bunch, Chris and Pang, Sydney and Krintz, Chandra and Mostafa, Nagy and Soman, Sunil and Wolski, Rich}, 
  editor={Akan, Ozgur and Bellavista, Paolo and Cao, Jiannong and Dressler, Falko and Ferrari, Domenico and Gerla, Mario and Kobayashi, Hisashi and Palazzo, Sergio and Sahni, Sartaj and Shen, Xuemin Sherman and et al.Editors}, 
  year={2010}, 
  pages={57--70}
},

@MastersThesis{wikibench,
  author = 	 {Erik-Jan van Baaren},
  title = 	 {Wikibench: A distributed, wikipedia based web application benchmark},
  school = 	 {VU University Amsterdam},
  year = 	 {2009},
}

@article{urgaonkar_agile_2008,
	title = {Agile dynamic provisioning of multi-tier Internet applications},
	volume = {3},
	issn = {1556-4665},
	number = {1},
	urldate = {2012-10-05},
	journal = {{ACM} Trans. Auton. Adapt. Syst.},
	author = {Urgaonkar, Bhuvan and Shenoy, Prashant and Chandra, Abhishek and Goyal, Pawan and Wood, Timothy},
	month = mar,
	year = {2008},
	keywords = {dynamic provisioning, Internet application},
	pages = {1--39}
},


@article{muppala_regression-based_2012,
	title = {Regression-based resource provisioning for session slowdown guarantee in multi-tier Internet servers},
	volume = {72},
	issn = {0743-7315},
	number = {3},
	urldate = {2012-10-05},
	journal = {Journal of Parallel and Distributed Computing},
	author = {Muppala, Sireesha and Zhou, Xiaobo and Zhang, Liqiang and Chen, Guihai},
	month = mar,
	year = {2012},
	pages = {362--375}
},

@inproceedings{gong_gray-box_2010,
	title = {A Gray-Box Feedback Control Approach for System-Level Peak Power Management},
	booktitle = {2010 39th International Conference on Parallel Processing {(ICPP)}},
	author = {Gong, Jiayu and Xu, Cheng-Zhong},
	month = sep,
	year = {2010},
	pages = {555 --564}
},

@article{islam_empirical_2012,
	title = {Empirical prediction models for adaptive resource provisioning in the cloud},
	volume = {28},
	issn = {0167-{739X}},
	number = {1},
	urldate = {2012-10-09},
	journal = {Future Gener. Comput. Syst.},
	author = {Islam, Sadeka and Keung, Jacky and Lee, Kevin and Liu, Anna},
	month = jan,
	year = {2012},
	pages = {155--162}
},


@article{urgaonkar_cataclysm:_2008,
	title = {Cataclysm: Scalable overload policing for internet applications},
	volume = {31},
	issn = {1084-8045},
	shorttitle = {Cataclysm},
	number = {4},
	urldate = {2012-11-06},
	journal = {Journal of Network and Computer Applications},
	author = {Urgaonkar, Bhuvan and Shenoy, Prashant},
	month = nov,
	year = {2008},
	pages = {891--920}	
},


@article{wang_appraise:_2009,
	title = {{AppRAISE:} application-level performance management in virtualized server environments},
	volume = {6},
	issn = {1932-4537},
	shorttitle = {{AppRAISE}},
	number = {4},
	journal = {{IEEE} Transactions on Network and Service Management},
	author = {Wang, Zhikui and Chen, Yuan and Gmach, D. and Singhal, S. and Watson, {B.J.} and Rivera, W. and Zhu, Xiaoyun and Hyser, {C.D.}},
	month = dec,
	year = {2009},
	pages = {240 --254}	
},


@inproceedings{zhang_resilient_2009,
	address = {New York, {NY}, {USA}},
	series = {{ICAC} '09},
	title = {Resilient workload manager: taming bursty workload of scaling internet applications},
	isbn = {978-1-60558-564-2},
	shorttitle = {Resilient workload manager},
	urldate = {2012-11-06},
	booktitle = {Proceedings of the 6th international conference on Autonomic computing},
	publisher = {{ACM}},
	author = {Zhang, Hui and Jiang, Guofei and Yoshihira, Kenji and Chen, Haifeng and Saxena, Akhilesh},
	year = {2009},
	pages = {45--46}
}

@inproceedings{kaviani_profiling-as--service:_2011,
	author = {Kaviani, Nima and Wohlstadter, Eric and Lea, Rodger},
	title = {Profiling-as-a-Service: adaptive scalable resource profiling for the cloud in the cloud},
	booktitle = {Proc.\ ICSOC},
	year = {2011}
},


@PhdThesis{jiangThesis,
      AUTHOR = {Dejun Jiang},
      TITLE = {Performance Guarantees For Web Applications},
      YEAR = {2012},
      MONTH = {March},
      SCHOOL = {VU University Amsterdam},
} 

@InProceedings{ec2Performance,
  author = 	 {Jiang Dejun and Guillaume Pierre and Chi-Hung Chi},
  title = 	 {{EC2} Performance Analysis for Resource Provisioning
                  of Service-Oriented Applications},
  booktitle = 	 {Proc.\ 3rd Workshop on Non-Functional Properties and
                  SLA Management in Service-Oriented Computing},
  year = 	 {2009},
  month = 	 nov
}

@Article{conpaasIC,
  author =       {Guillaume Pierre and Corina Stratan},
  title =        {{ConPaaS}: a Platform for Hosting Elastic Cloud Applications},
  journal = 	 {IEEE Internet Computing},
  year = 	 {2012},
  volume = 	 {16},
  number = 	 {5},
  pages = 	 {88--92},
  month = 	 {September-October} 
}

@inproceedings{singh_autonomic_2010,
	author = {Singh, Rahul and Sharma, Upendra and Cecchet, Emmanuel and Shenoy, Prashant},
	title = {Autonomic mix-aware provisioning for non-stationary data center workloads},
	booktitle = {Proc.\ ICAC},
	year = {2010},
}

@inproceedings{do_profiling_2011,
	title = {Profiling Applications for Virtual Machine Placement in Clouds},
	booktitle = {Proc.\ IEEE CLOUD},
	author = {Do, Anh Vu and Chen, Junliang and Wang, Chen and Lee, Young Choon and Zomaya, {A.Y.} and Zhou, Bing Bing},
	month = jul,
	year = {2011},
}


@article{sotomayor_virtual_2009,
	title = {Virtual Infrastructure Management in Private and Hybrid Clouds},
	volume = {13},
	issn = {1089-7801},
	number = {5},
	journal = {{IEEE} Internet Computing},
	author = {Borja Sotomayor and Rub\'en S. Montero and Ignacio M. Llorente and Ian Foster},
	month = oct,
	year = {2009},
	pages = {14 --22}
}
	
@InProceedings{benchlab,
  author = 	 {Emmanuel Cecchet and Veena Udayabhanu and Timothy Wood and Prashant Shenoy},
  title = 	 {{BenchLab}: An Open Testbed for Realistic Benchmarking of Web Applications},
  booktitle = {Proc.\ WebApps},
  year = 	 {2011},
  month = 	 jun,
}

@article{urdaneta2009,
title = "Wikipedia workload analysis for decentralized hosting ",
journal = "Computer Networks ",
volume = "53",
number = "11",
pages = "1830 - 1845",
year = "2009",
note = "",
issn = "1389-1286",
author = "Guido Urdaneta and Guillaume Pierre and Maarten van Steen"
}


@InProceedings{vasic_dejavu_2012,
  author = 	 {Nedeljko Vasi\'c and Dejan Novakovi\'c and 
                  Svetozar Miu\v{c}in and Dejan Kosti\'c and Ricardo Bianchini},
  title = 	 {{DejaVu}: Accelerating Resource Allocation in Virtualized Environments},
  year = 	 {2012},
  booktitle = 	 {Proc.\ ASPLOS}
}

@InProceedings{dejun2011,
  author = 	 {Jiang Dejun and Guillaume Pierre and Chi-Hung Chi},
  title = 	 {Resource Provisioning of {W}eb Applications in Heterogeneous Clouds},
  booktitle = 	 {Proc.\ Usenix WebApps},
  year = 	 {2011},
  month = 	 jun
}

@InProceedings{beloglazov_adaptive_2010,
  author = 	 {Anton Beloglazov and Rajkumar Buyya},
  title = 	 {Adaptive threshold-based approach for energy-efficient consolidation of virtual machines in cloud data centers},
  booktitle = {Proc.\ 8th International Workshop on Middleware for Grids, Clouds and e-Science},
  year = 	 {2010}
}

@InProceedings{roy_efficient_2011,
  author = 	 {Nilabja Roy and Abhishek Dubey and Aniruddha Gokhale},
  title = 	 {Efficient Autoscaling in the Cloud using Predictive Models for Workload Forecasting},
  booktitle = {Proc.\ IEEE CLOUD},
  year = 	 {2011}
}


@InProceedings{ghanbari_exploring_2011,
  author = 	 {Hamoun Ghanbari and Bradley Simmons and Marin Litoiu and Gabriel Iszlai},
  title = 	 {Exploring Alternative Approaches to Implement an Elasticity Policy},
  booktitle = {Proc.\ IEEE CLOUD},
  year = 	 {2011}
}

@article{gandhi_hybrid_2012,
	title = {Hybrid resource provisioning for minimizing data center {SLA} violations and power consumption},
	volume = {2},
	issn = {2210-5379},
	shorttitle = {{IEEE} International Green Computing Conference ({IGCC} 2011)},
	number = {2},
	urldate = {2013-03-05},
	journal = {Sustainable Computing: Informatics and Systems},
	author = {Gandhi, Anshul and Chen, Yuan and Gmach, Daniel and Arlitt, Martin and Marwah, Manish},
	month = jun,
	year = {2012},
	pages = {91--104}
}