@Misc{            cloudfoundry-project,
  author        = {{CloudFoundry}},
  key           = {CloudFoundry},
  note          = {\url{http://www.cloudfoundry.com}}
}

@Misc{            appengine-project,
  author        = {{AppEngine}},
  key           = {AppEngine},
  note          = {\url{http://appengine.google.com/}}
}

@Misc{            beanstalk-project,
  author        = {{ElasticBeanstalk}},
  key           = {ElasticBeanstalk},
  note          = {\url{http://aws.amazon.com/elasticbeanstalk/}}
}

@Misc{            azure-project,
  author        = {{WindowsAzure}},
  key           = {WindowsAzure},
  note          = {\url{http://www.windowsazure.com/}}
}

@Misc{            openshift-project,
  author        = {{OpenShift}},
  key           = {OpenShift},
  note          = {\url{https://openshift.redhat.com/app/flex}}
}

@article{appscale-2010, 
  title={AppScale: Scalable and Open AppEngine Application Development and Deployment}, 
  volume={34}, 
  number={1}, 
  journal={Cloud Computing}, 
  publisher={Springer}, 
  author={Chohan, Navraj and Bunch, Chris and Pang, Sydney and Krintz, Chandra and Mostafa, Nagy and Soman, Sunil and Wolski, Rich}, 
  editor={Akan, Ozgur and Bellavista, Paolo and Cao, Jiannong and Dressler, Falko and Ferrari, Domenico and Gerla, Mario and Kobayashi, Hisashi and Palazzo, Sergio and Sahni, Sartaj and Shen, Xuemin Sherman and et al.Editors}, 
  year={2010}, 
  pages={57--70}
}


