@Misc{TPC-W,
  author =	 {{Transaction Processing Performance Council}},
  key =		 {TPC-W},
  note =	 {\url{http://www.tpc.org/tpcw/}}
}

@INPROCEEDINGS{ali-eldin_2012,
  AUTHOR =	 "Ahmed Ali-Eldin and Johan Tordsson and Erik Elmroth",
  TITLE =	 "An adaptive hybrid elasticity controller for cloud
                  infrastructures",
  BOOKTITLE =	 "Proc.\ NOMS'12",
  PAGES =	 {204-212},
  YEAR =	 2012
}

@Misc{amazonEC2,
  author =	 {{Amazon Elastic Compute Cloud (EC2)}},
  key =		 {amazonEC2},
  url =		 {http://aws.amazon.com/ec2}
}

@Misc{appengine-project,
  author =	 {{AppEngine}},
  key =		 {AppEngine},
  note =	 {\url{http://appengine.google.com/}}
}

@article{appscale-2010,
  title =	 {AppScale: Scalable and Open AppEngine Application
                  Development and Deployment},
  volume =	 34,
  number =	 1,
  journal =	 {Cloud Computing},
  publisher =	 {Springer},
  author =	 {Chohan, Navraj and Bunch, Chris and Pang, Sydney and
                  Krintz, Chandra and Mostafa, Nagy and Soman, Sunil
                  and Wolski, Rich},
  editor =	 {Akan, Ozgur and Bellavista, Paolo and Cao, Jiannong
                  and Dressler, Falko and Ferrari, Domenico and Gerla,
                  Mario and Kobayashi, Hisashi and Palazzo, Sergio and
                  Sahni, Sartaj and Shen, Xuemin Sherman and et
                  al.Editors},
  year =	 2010,
  pages =	 {57--70}
}

@techreport{autoscaling_report,
  author =	 {Lorido-Botr{\'a}n, Tania and Miguel-Alonso, Jos{\'e}
                  and Lozano, Jose Antonio},
  abstract =	 {A review of proposals for auto-scaling applications
                  on elastic environments such as public clouds, with
                  focus on scalable web applications. },
  institution =	 {Department of Computer Architecture and Technology,
                  UPV/EHU},
  number =	 {EHU-KAT-IK},
  title =	 {{A}uto-scaling {T}echniques for {E}lastic
                  {A}pplications in {C}loud {E}nvironments},
  type =	 {Research},
  year =	 2012
}

@Misc{azure,
  author =	 {{Microsoft Windows- Windows Azure}},
  key =		 {azure},
  note =	 {\url{http://www.windowsazure.com/en-us}}
}

@Misc{azure-project,
  author =	 {{WindowsAzure}},
  key =		 {WindowsAzure},
  note =	 {\url{http://www.windowsazure.com/}}
}

@Misc{            beanstalk-project,
  author =	 {{ElasticBeanstalk}},
  key =		 {ElasticBeanstalk},
  note =	 {\url{http://aws.amazon.com/elasticbeanstalk/}}
}

@inproceedings{beloglazov_adaptive_2010,
  address =	 {New York, {NY}, {USA}},
  series =	 {{MGC} '10},
  title =	 {Adaptive threshold-based approach for
                  energy-efficient consolidation of virtual machines
                  in cloud data centers},
  isbn =	 {978-1-4503-0453-5},
  urldate =	 {2013-03-05},
  booktitle =	 {Proceedings of the 8th International Workshop on
                  Middleware for Grids, Clouds and e-Science},
  publisher =	 {{ACM}},
  author =	 {Beloglazov, Anton and Buyya, Rajkumar},
  year =	 2010,
  keywords =	 {cloud computing, green {IT}, {VM} placement},
  pages =	 {4:1--4:6}
}

@InProceedings{benchlab,
  author =	 {Emmanuel Cecchet and Veena Udayabhanu and Timothy
                  Wood and Prashant Shenoy},
  title =	 {{BenchLab}: An Open Testbed for Realistic
                  Benchmarking of Web Applications},
  booktitle =	 {Proceedings of 2nd USENIX Conference on Web
                  Application Development},
  year =	 2011,
  month =	 jun,
}

@INPROCEEDINGS{bunch_2012,
  AUTHOR =	 {Chris Bunch and Vaibhav Arora and Navraj Chohan and
                  Chandra Krintz and Shashank Hegde and Ankit
                  Srivastava},
  TITLE =	 {A Pluggable Autoscaling Service for Open Cloud
                  {PaaS} Systems},
  BOOKTITLE =	 {Proc.\ UCC},
  PAGES =	 {191-194},
  YEAR =	 2012
}

@article{chandra_dynamic_2003,
  title =	 {Dynamic resource allocation for shared data centers
                  using online measurements},
  volume =	 31,
  issn =	 {0163-5999},
  number =	 1,
  urldate =	 {2013-05-23},
  journal =	 {{SIGMETRICS} Perform. Eval. Rev.},
  author =	 {Chandra, Abhishek and Gong, Weibo and Shenoy,
                  Prashant},
  month =	 jun,
  year =	 2003,
  keywords =	 {adaptation, data centers, prediction, resource
                  allocation},
  pages =	 {300--301}
}

@Misc{            cloudfoundry-project,
  author =	 {{CloudFoundry}},
  key =		 {CloudFoundry},
  note =	 {\url{http://www.cloudfoundry.com}}
}

@Article{conpaasIC,
  author =	 {Guillaume Pierre and Corina Stratan},
  title =	 {{ConPaaS}: a Platform for Hosting Elastic Cloud
                  Applications},
  journal =	 {IEEE Internet Computing},
  year =	 2012,
  volume =	 16,
  number =	 5,
  pages =	 {88--92},
  month =	 {Sep-Oct}
},

@Misc{das4,
  title =	 {{Advanced School for Computing and Imaging (ASCI),
                  The Distributed ASCI SuperComputer 4.}},
  key =		 {das4},
  url =		 {http://www.cs.vu.nl/das4/}
}

@article{dejavu2012,
  title =	 {{DejaVu:} accelerating resource allocation in
                  virtualized environments},
  volume =	 40,
  issn =	 {0163-5964},
  shorttitle =	 {{DejaVu}},
  number =	 1,
  urldate =	 {2012-10-12},
  journal =	 {{SIGARCH} Comput. Archit. News},
  author =	 {Vasi\'c, Nedeljko and Novakovi\'c, Dejan and
                  Miu\v{c}in, Svetozar and Kosti\'{c}, Dejan and
                  Bianchini, Ricardo},
  month =	 mar,
  year =	 2012,
  pages =	 {423--436}
},

@inproceedings{do_profiling_2011,
  title =	 {Profiling Applications for Virtual Machine Placement
                  in Clouds},
  booktitle =	 {2011 {IEEE} International Conference on Cloud
                  Computing {(CLOUD)}},
  author =	 {Do, Anh Vu and Chen, Junliang and Wang, Chen and
                  Lee, Young Choon and Zomaya, {A.Y.} and Zhou, Bing
                  Bing},
  month =	 jul,
  year =	 2011,
  pages =	 {660--667}
},


@inproceedings{exponential_smoothing2010,
  title =	 {Online Self-Reconfiguration with Performance
                  Guarantee for Energy-Efficient Large-Scale Cloud
                  Computing Data Centers},
  booktitle =	 {Proc.\ intl.\ conf.\ on Services Computing},
  author =	 {Mi, Haibo and Wang, Huaimin and Yin, Gang and Zhou,
                  Yangfan and Shi, Dianxi and Yuan, Lin},
  month =	 jul,
  year =	 2010,
  pages =	 {514--521}
},

@article{gandhi_hybrid_2012,
  title =	 {Hybrid resource provisioning for minimizing data
                  center {SLA} violations and power consumption},
  volume =	 2,
  issn =	 {2210-5379},
  shorttitle =	 {{IEEE} International Green Computing Conference
                  ({IGCC} 2011)},
  number =	 2,
  urldate =	 {2013-03-05},
  journal =	 {Sustainable Computing: Informatics and Systems},
  author =	 {Gandhi, Anshul and Chen, Yuan and Gmach, Daniel and
                  Arlitt, Martin and Marwah, Manish},
  month =	 jun,
  year =	 2012,
  pages =	 {91--104}
},

@Misc{    ganglia,
  author =	 {{Ganglia monitoring system,}},
  key =		 {ganglia},
  url =		 {http://ganglia.sourceforge.net/}
}

@InProceedings{ghanbari_exploring_2011,
  author =	 {Hamoun Ghanbari and Bradley Simmons and Marin Litoiu
                  and Gabriel Iszlai},
  title =	 {Exploring Alternative Approaches to Implement an
                  Elasticity Policy},
  booktitle =	 {Proc.\ IEEE CLOUD},
  year =	 2011
},

@inproceedings{gong_gray-box_2010,
  title =	 {A Gray-Box Feedback Control Approach for
                  System-Level Peak Power Management},
  booktitle =	 {2010 39th International Conference on Parallel
                  Processing {(ICPP)}},
  author =	 {Gong, Jiayu and Xu, Cheng-Zhong},
  month =	 sep,
  year =	 2010,
  pages =	 {555--564}
}

@inproceedings{herbst_2013,
  author =	 {Herbst, Nikolas Roman and Huber, Nikolaus and
                  Kounev, Samuel and Amrehn, Erich},
  title =	 {Self-adaptive workload classification and
                  forecasting for proactive resource provisioning},
  booktitle =	 {Proc.\ Intl. Conference on Performance Engineering},
  year =	 2013,
  pages =	 {187--198}
}

@article{islam_empirical_2012,
  title =	 {Empirical prediction models for adaptive resource
                  provisioning in the cloud},
  volume =	 28,
  issn =	 {0167-{739X}},
  number =	 1,
  urldate =	 {2012-10-09},
  journal =	 {Future Gener. Comput. Syst.},
  author =	 {Islam, Sadeka and Keung, Jacky and Lee, Kevin and
                  Liu, Anna},
  month =	 jan,
  year =	 2012,
  pages =	 {155--162}
}

@PhdThesis{jiangThesis,
  AUTHOR =	 {Jiang Dejun},
  TITLE =	 {Performance Guarantees For {W}eb Applications},
  YEAR =	 2012,
  MONTH =	 {March},
  SCHOOL =	 {VU University Amsterdam}
}

@inproceedings{kaviani_profiling-as--service:_2011,
  title =	 {{Profiling-as-a-Service}: adaptive scalable resource
                  profiling for the cloud in the cloud},
  booktitle =	 {Proc.\ intl.\ conf.\ on Service-Oriented Computing},
  author =	 {Kaviani, Nima and Wohlstadter, Eric and Lea, Rodger},
  year =	 2011,
  pages =	 {157--171}
}

@Misc{            mediawiki,
  author =	 {{Wikipedia Foundation}},
  key =		 {mediawiki},
  note =	 {MediaWiki: a free software wiki
                  package. \url{http://www.mediawiki.org}}
}

@article{muppala_regression-based_2012,
  title =	 {Regression-based resource provisioning for session
                  slowdown guarantee in multi-tier Internet servers},
  volume =	 72,
  issn =	 {0743-7315},
  number =	 3,
  urldate =	 {2012-10-05},
  journal =	 {Journal of Parallel and Distributed Computing},
  author =	 {Muppala, Sireesha and Zhou, Xiaobo and Zhang,
                  Liqiang and Chen, Guihai},
  month =	 mar,
  year =	 2012,
  pages =	 {362--375}
}

@Misc{            opennebula,
  author =	 {{OpenNebula}},
  key =		 {OpenNebula},
  note =	 {\url{http://www.opennebula.org}}
}
}

@Misc{            openshift,
  author =	 {{OpenShift}},
  key =		 {openshift},
  note =	 {\url{https://openshift.redhat.com/app/flex}}
}

@article{outagesTimes,
  title =	 {Jackson Dies, almost takes Internet With Him},
  author =	 {Rawlinson, Linnie and Nick Hunt},
  journal =	 {CNN},
  month =	 {Jun},
  year =	 2009
}

@Misc{casestudiescloud,
author = {{Case studies of application hosting in AWS.}},
key = {caseStudiescloud},
note = {\url{http://aws.amazon.com/solutions/case-studies/}}
}

@Misc{            rackspace,
  author =	 {{Rackspace}},
  key =		 {rackspace},
  note =	 {\url{http://www.rackspace.com//}}
}

@Misc{            right-scale,
  author =	 {{RightScale}},
  key =		 {right-scale},
  note =	 {\url{http://www.rightscale.com/}}
}

@inproceedings{roy_2011,
  author =	 {Roy, Nilabja and Dubey, Abhishek and Gokhale,
                  Aniruddha and Dowdy, Larry},
  title =	 {A capacity planning process for performance
                  assurance of component-based distributed systems},
  booktitle =	 {Proc.\ Intl.\ Conf.\ on Performance Engineering},
  year =	 2011,
  pages =	 {259--270}
}

@inproceedings{roy_efficient_2011,
  title =	 {Efficient Autoscaling in the Cloud Using Predictive
                  Models for Workload Forecasting},
  booktitle =	 {Proc.\ CLOUD},
  author =	 {Roy, N. and Dubey, A. and Gokhale, A.},
  month =	 jul,
  year = 	 2011,
  pages =	 {500--507}
}

@inproceedings{sharma_cost-aware_2011,
  title =	 {A Cost-Aware Elasticity Provisioning System for the
                  Cloud},
  booktitle =	 {Proc.\ ICDCS},
  author =	 {Sharma, U. and Shenoy, P. and Sahu, S. and Shaikh,
                  A.},
  month =	 jun,
  year =	 2011,
  pages =	 {559 --570}
}

@inproceedings{singh_autonomic_2010,
  address =	 {New York, {NY}, {USA}},
  series =	 {{ICAC} '10},
  title =	 {Autonomic mix-aware provisioning for non-stationary
                  data center workloads},
  isbn =	 {978-1-4503-0074-2},
  urldate =	 {2012-12-07},
  booktitle =	 {Proceedings of the 7th international conference on
                  Autonomic computing},
  publisher =	 {{ACM}},
  author =	 {Singh, Rahul and Sharma, Upendra and Cecchet,
                  Emmanuel and Shenoy, Prashant},
  year =	 2010,
  pages =	 {21--30}
}

@INPROCEEDINGS{smartscale_2012,
  AUTHOR =	 "Sourav Dutta and Sankalp Gera and Akshat Verma and
                  Balaji Viswanathan",
  TITLE =	 "SmartScale: Automatic Application Scaling in
                  Enterprise Clouds",
  BOOKTITLE =	 "Proc.\ IEEE CLOUD",
  PAGES =	 {221-228},
  YEAR =	 2012
}

@article{sotomayor_virtual_2009,
  title =	 {Virtual Infrastructure Management in Private and
                  Hybrid Clouds},
  volume =	 13,
  issn =	 {1089-7801},
  number =	 5,
  journal =	 {{IEEE} Internet Computing},
  author =	 {Sotomayor, B. and Montero, {R.S.} and Llorente,
                  {I.M.} and Foster, I.},
  month =	 oct,
  year =	 2009,
  pages =	 {14--22}
}

@inproceedings{trafficCongestion,
  author =	 {Baryshnikov, Yuliy and Coffman, Ed and Pierre,
                  Guillaume and Rubenstein, Dan and Squillante, Mark
                  and Yimwadsana, Teddy},
  title =	 {Predictability of Web-Server Traffic Congestion},
  booktitle =	 {Proc.\ Intl.\ Workshop on Web Content Caching and
                  Distribution},
  year =	 2005,
  pages =	 {97--103}
}

@Article{urdaneta2009,
  author =	 {Guido Urdaneta and Guillaume Pierre and Maarten van
                  Steen},
  title =	 {Wikipedia Workload Analysis for Decentralized
                  Hosting},
  volume =	 53,
  number =	 11,
  pages =	 {1830-1845},
  month =	 {July},
  year =	 2009,
  journal =	 {Elsevier Computer Networks}
}

@article{urgaonkar_agile_2008,
  title =	 {Agile dynamic provisioning of multi-tier Internet
                  applications},
  volume =	 3,
  issn =	 {1556-4665},
  number =	 1,
  urldate =	 {2012-10-05},
  journal =	 {{ACM} Trans. Auton. Adapt. Syst.},
  author =	 {Urgaonkar, Bhuvan and Shenoy, Prashant and Chandra,
                  Abhishek and Goyal, Pawan and Wood, Timothy},
  month =	 mar,
  year =	 2008,
  keywords =	 {dynamic provisioning, Internet application},
  pages =	 {1--39}
}

@article{urgaonkar_cataclysm:_2008,
  title =	 {Cataclysm: Scalable overload policing for internet
                  applications},
  volume =	 31,
  issn =	 {1084-8045},
  shorttitle =	 {Cataclysm},
  number =	 4,
  urldate =	 {2012-11-06},
  journal =	 {Journal of Network and Computer Applications},
  author =	 {Urgaonkar, Bhuvan and Shenoy, Prashant},
  month =	 nov,
  year =	 2008,
  pages =	 {891--920}
}

@incollection{vector_autoregression_2006,
  year =	 2006,
  isbn =	 {978-0-387-27965-7},
  booktitle =	 {Modeling Financial Time Series with S-PLUS},
  title =	 {Vector Autoregressive Models for Multivariate Time
                  Series},
  publisher =	 {Springer New York},
  pages =	 {385--429}
}

@article{wang_appraise:_2009,
  title =	 {{AppRAISE:} application-level performance management
                  in virtualized server environments},
  volume =	 6,
  issn =	 {1932-4537},
  shorttitle =	 {{AppRAISE}},
  number =	 4,
  journal =	 {{IEEE} Transactions on Network and Service
                  Management},
  author =	 {Wang, Zhikui and Chen, Yuan and Gmach, D. and
                  Singhal, S. and Watson, {B.J.} and Rivera, W. and
                  Zhu, Xiaoyun and Hyser, {C.D.}},
  month =	 dec,
  year =	 2009,
  pages =	 {240--254}
}

@MastersThesis{wikibench,
  author =	 {van Baaren, Erik-Jan},
  title =	 {Wikibench: A distributed, wikipedia based web
                  application benchmark},
  school =	 {VU University Amsterdam},
  year =	 2009
}

@article{wolski_network_1999,
  title =	 {The Network Weather Service: A Distributed Resource
                  Performance Forecasting Service for Metacomputing},
  volume =	 15,
  shorttitle =	 {The Network Weather Service},
  journal =	 {Journal of Future Generation Computing Systems},
  author =	 {Wolski, Rich and Spring, Neil T. and Hayes, Jim},
  year =	 1999,
  pages =	 {757--768}
}

@inproceedings{zhang_resilient_2009,
  address =	 {New York, {NY}, {USA}},
  series =	 {{ICAC} '09},
  title =	 {Resilient workload manager: taming bursty workload
                  of scaling internet applications},
  isbn =	 {978-1-60558-564-2},
  shorttitle =	 {Resilient workload manager},
  urldate =	 {2012-11-06},
  booktitle =	 {Proceedings of the 6th international conference on
                  Autonomic computing},
  publisher =	 {{ACM}},
  author =	 {Zhang, Hui and Jiang, Guofei and Yoshihira, Kenji
                  and Chen, Haifeng and Saxena, Akhilesh},
  year =	 2009,
  pages =	 {45--46}
},




@article{jorgensen_experience_1995,
	title = {Experience with the accuracy of software maintenance task effort prediction models},
	volume = {21},
	issn = {0098-5589},
	number = {8},
	journal = {{IEEE} Transactions on Software Engineering},
	author = {Jorgensen, M.},
	year = {1995},
	pages = {674--681}
}


@InProceedings{ec2Performance,
  author = 	 {Jiang Dejun and Guillaume Pierre and Chi-Hung Chi},
  title = 	 {{EC2} Performance Analysis for Resource Provisioning
                  of Service-Oriented Applications},
  booktitle = 	 {Proc.\ 3rd Workshop on Non-Functional Properties and
                  SLA Management in Service-Oriented Computing},
  year = 	 {2009}
}

@Misc{rubbos,
  author =	 {{The Object Web Consortium. RuBBoS: Bulletin Board Benchmark}},
  key =		 {rubbos},
  url =		 {http://jmob.ow2.org/rubbos.html}
}

@inproceedings{rubis,
	address = {Stevens Point, Wisconsin, {USA}},
	series = {{ICCOMP'08}},
	title = {Specification and implementation of dynamic web site benchmark in telecommunication area},
	isbn = {978-960-6766-85-5},
	urldate = {2013-07-26},
	booktitle = {Proceedings of the 12th {WSEAS} international conference on Computers},
	publisher = {World Scientific and Engineering Academy and Society ({WSEAS)}},
	author = {Sarhan, Ebada and Ghalwash, Atif and Khafagy, Mohamed},
	year = {2008},
	pages = {863–867}
}